@INPROCEEDINGS{Augustsson99anexercise,
    author = {Lennart Augustsson and Magnus Carlsson},
    title = {An exercise in dependent types: A well-typed interpreter},
    booktitle = {In Workshop on Dependent Types in Programming, Gothenburg},
    year = {1999}
}
@MISC{chalmers13literateagda,
  author = {{Chalmers University of Technology}},
  title = {Literate Agda},
  howpublished = {\url{http://wiki.portal.chalmers.se/agda/pmwiki.php?n=Main.LiterateAgda}},
  note = {Accessed 2013-12-19}
}
@MISC{pouillard2013splgstlc,
  author = {Nicholas Pouillard},
  title = {{Simply-typed Lambda Calculus}},
  howpublished = {\url{http://www.itu.dk/courses/SPLG/E2013/lecture2/lecture2.html}},
  note = {Accessed 2013-12-19}
}
@MISC{brady2013course,
  author = {Edwin Brady},
  title = {{Idris Course}},
  howpublished = {\url{http://www.idris-lang.org/dependently-typed-functional-programming-with-idris-course-videos-and-slides/}},
  note = {Accessed 2013-12-19}
}
